@online{biblatex,
  title = {Biblatex â€“ Sophisticated Bibliographies in LaTeX},
  publisher = {Dansk Standard},
  year = {2018},
  author = {Philipp Lehman AND Joseph Wright AND Audrey Boruvka AND Philip Kime},
  url = {https://www.ctan.org/pkg/biblatex}
}

@online{faustwebsite,
    title = {Faust Programming Language},
    url = {https://faust.grame.fr}
}

@online{kfrwebsite,
    title = {KFR | Fast, Modern C++ DSP Framework},
    url = {https://www.kfrlib.com/}
}

@online{edspgithub,
    title = {eDSP Github Page},
    url = {https://github.com/mohabouje/eDSP}
}

% If you wish to cite FFTW in a general publication, we recommend this paper:
@Article{FFTW05,
  author = 	 {Frigo, Matteo and Johnson, Steven~G.},
  title = 	 {The Design and Implementation of {FFTW3}},
  journal =  {Proceedings of the IEEE},
  year = 	 2005,
  volume =	 93,
  number =	 2,
  pages =	 {216--231},
  note =	 {Special issue on ``Program Generation, Optimization, and Platform Adaptation''}
}
@online{eigenweb,
  author = {Ga\"{e}l Guennebaud and Beno\^{i}t Jacob and others},
  title = {Eigen v3},
  url = {http://eigen.tuxfamily.org},
  year = {2010}
 }
 
@misc{tensorflow2015-whitepaper,
title={ {TensorFlow}: Large-Scale Machine Learning on Heterogeneous Systems},
url={https://www.tensorflow.org/},
note={Software available from tensorflow.org},
author={
    Mart\'in~Abadi and
    Ashish~Agarwal and
    Paul~Barham and
    Eugene~Brevdo and
    Zhifeng~Chen and
    Craig~Citro and
    Greg~S.~Corrado and
    Andy~Davis and
    Jeffrey~Dean and
    Matthieu~Devin and
    Sanjay~Ghemawat and
    Ian~Goodfellow and
    Andrew~Harp and
    Geoffrey~Irving and
    Michael~Isard and
    Yangqing Jia and
    Rafal~Jozefowicz and
    Lukasz~Kaiser and
    Manjunath~Kudlur and
    Josh~Levenberg and
    Dandelion~Man\'{e} and
    Rajat~Monga and
    Sherry~Moore and
    Derek~Murray and
    Chris~Olah and
    Mike~Schuster and
    Jonathon~Shlens and
    Benoit~Steiner and
    Ilya~Sutskever and
    Kunal~Talwar and
    Paul~Tucker and
    Vincent~Vanhoucke and
    Vijay~Vasudevan and
    Fernanda~Vi\'{e}gas and
    Oriol~Vinyals and
    Pete~Warden and
    Martin~Wattenberg and
    Martin~Wicke and
    Yuan~Yu and
    Xiaoqiang~Zheng},
  year={2015},
}

@INPROCEEDINGS{Einhorn2012-bx,
  title           = "{MIRA} - middleware for robotic applications",
  booktitle       = "2012 {IEEE/RSJ} International Conference on Intelligent
                     Robots and Systems",
  author          = "Einhorn, Erik and Langner, Tim and Stricker, Ronny and
                     Martin, Christian and Gross, Horst-Michael",
  publisher       = "IEEE",
  year            =  2012
}

@Book{C++Std,
  author =       "{ISO}",
  title =        "{ISO\slash IEC 14882:2017 Information technology ---
                 Programming languages --- C++}",
  publisher =    "International Organization for Standardization",
  address =      "Geneva, Switzerland",
  edition =      "Sixth",
  pages =        "1853",
  month =        dec,
  year =         "2020",
  URL =          "https://www.iso.org/standard/79358.html",
  remark =       "Revises ISO/IEC 14882:2014.",
}

@misc{Raz2019,
    title={Clang Concepts},
    author={Saar Raz},
    year=2019,
    note={Talk given at CoreCPP},
    URL="https://corecppil.github.io/CoreCpp2019/Presentations/Saar_clang_concepts.pdf"
}

@online{range-v3,
    title="Range library for C++14/17/20, basis for C++20's std::ranges",
    author="Eric Niebler and Casey Carter et al",
    url="https://github.com/ericniebler/range-v3",
}

@misc{holmes2017,
    title="Type Based Template Metaprogramming is Not Dead",
    author="Odin Holmes",
    url="https://www.youtube.com/watch?v=EtU4RDCCsiU",
}

@inproceedings{orlarey2002,
  TITLE = {{An Algebraic approach to Block Diagram Constructions}},
  AUTHOR = {Orlarey, Yann and Fober, Dominique and Letz, St{\'e}phane},
  URL = {https://hal.archives-ouvertes.fr/hal-02158931},
  BOOKTITLE = {{Journ{\'e}es d'Informatique Musicale}},
  ADDRESS = {Marseille, France},
  EDITOR = {GMEM},
  PAGES = {151-158},
  YEAR = {2002},
  KEYWORDS = {algebra ; block-diagram ; dataflow ; Denotational ; DSP ; graph ; semantic},
  PDF = {https://hal.archives-ouvertes.fr/hal-02158931/file/faust-jim2002.pdf},
  HAL_ID = {hal-02158931},
  HAL_VERSION = {v1},
}

@article{orlarey2004,
  TITLE = {{Syntactical and Semantical Aspects of Faust}},
  AUTHOR = {Orlarey, Yann and Fober, Dominique and Letz, St{\'e}phane},
  URL = {https://hal.archives-ouvertes.fr/hal-02159011},
  JOURNAL = {{Soft Computing}},
  YEAR = {2004},
  KEYWORDS = {Processing ; compiler ; dataflow ; functional programming ; real-time ; signal},
  PDF = {https://hal.archives-ouvertes.fr/hal-02159011/file/faust-soft-computing.pdf},
  HAL_ID = {hal-02159011},
  HAL_VERSION = {v1},
}